<?xml version="1.0" encoding="UTF-8"?><collection xmlns="http://www.loc.gov/MARC21/slim"><record><leader>00547nam--2200157-i-4500</leader><controlfield tag="001">000030977</controlfield><controlfield tag="002">20161230</controlfield><controlfield tag="005">20161230201038</controlfield><controlfield tag="008">060222s1000------------r-----000-0-eng-d</controlfield><datafield ind1=" " ind2=" " tag="080"><subfield code="a">517.98</subfield></datafield><datafield ind1=" " ind2=" " tag="100"><subfield code="a">Ljusternik, L.A., Sobolew, W.I</subfield></datafield><datafield ind1=" " ind2=" " tag="245"><subfield code="a">Elemente der funktionalanalysis.vierte, neubearbeitete und erweiterte auflage.in deutscher sprache herausgeben von konrad groger</subfield></datafield><datafield ind1=" " ind2=" " tag="260"><subfield code="a">Berlin, Akademie-verlag, 1968. Viii+375p</subfield></datafield><datafield ind1=" " ind2=" " tag="490"><subfield code="a">Mathematische Lehrbucher Und Monographien,</subfield></datafield><datafield ind1=" " ind2=" " tag="852"><subfield code="a">76662</subfield><subfield code="c">517.9</subfield></datafield><datafield ind1=" " ind2=" " tag="CAT"><subfield code="a">Sys</subfield><subfield code="c">20090528</subfield><subfield code="h">065510</subfield></datafield></record></collection>